@Article{Laney01,
  author = "Douglas Laney",
  title  = "3D Data Management: Controlling Data Volume, Velocity and Variety",
  journal= "META Group",
  pages  = "1--4",
  volume = 1,
  number = 1,
  year   = 2001,
}

@ONLINE{Rijmenam01,
  author = "Mark van Rijmenam",
  title = "Why The 3V’s Are Not Sufficient To Describe Big Data",
  cited = "7.8.2013",
  year =         2013,
  url = "https://datafloq.com/read/3vs-sufficient-describe-big-data/166"
  }

@ONLINE{IDC01,
  author = "IDC",
  title = "Data Growth, Business Opportunities, and the IT Imperatives",
  cited = "1.4.2014",
  year =         2014,
  url = "http://www.emc.com/leadership/digital-universe/2014iview/executive-summary.htm"
  }

@ONLINE{NVP01,
  author = "{NewVantage Partners}",
  title = "Big Data Executive Survey 2012 - Consolidated Summary Report",
  cited = "31.12.2012",
  year =         2012,
  url = "http://newvantage.com/wp-content/uploads/2012/12/NVP-Big-Data-Survey-2012-Consolidated-Report-Final1.pdf"
  }

@Article{MapRed01,
  author = "Jeffrey Dean and Sanjay Ghemawat",
  title  = "MapReduce: Simplied Data Processing on Large Clusters",
  journal= "Google, Inc.",
  pages  = "107--113",
  volume = 51,
  number = 1,
  year   = 2008,
}

@Article{Norm01,
  author = "Nikolay Golov and Lars Rönnbäck",
  title  = "Big Data Normalization for Massively Parallel Processing Databases",
  journal= "Anchor",
  pages  = "3--7",
  volume = 1,
  number = 1,
  year   = 2015,
}

@Book{white01,
  author =       "Tom White",
  title =        "Hadoop: The Definitive Guide",
  publisher =    "O'Reilly Media, Inc.",
  edition =      "3rd",
  year   = 2012,
  address = "Gravenstein Hwy N, Sebastopol",
}

@techreport{Hellr01,
    Author = "Joseph M. Hellerstein",
    Title = "Programming a Parallel Future",
    Institution = "EECS Department, University of California, Berkeley",
    Year = "2008",
    Month = "Nov",
    URL = "http://www.eecs.berkeley.edu/Pubs/TechRpts/2008/EECS-2008-144.html",
    Number = "UCB/EECS-2008-144",
   }

@techreport{GFS01,
    Author = "Sanjay Ghemawat, Howard Gobioff and Shun-Tak Leung",
    Title = "The Google File System",
    Institution = "Google",
    Year = "2003",
    URL = "http://static.googleusercontent.com/media/research.google.com/en//archive/gfs-sosp2003.pdf",
   }

@techreport{historian01,
    Author = "Václav Jirkovský and Marek Obitko",
    Title = "Semantic Heterogeneity Reduction for Big Data in Industrial Automation",
    Institution = "Czech Technical University in Prague and Rockwell Automation Research and Development Center",
    Year = "2014",
   }

@ONLINE{historianb02,
  author = "Marek obitko",
  title = "Industry 4.0 and Big Data",
  cited = "26.\,4.\,2016",
  year =  2015,
  url = "http://www.stech.cz/Portals/0/Konference/2015/03\%20Industry/PDF/03_obitko.pdf"
  }

@ONLINE{ssn01,
  author = "{World Wide Web Consorcium}",
  title = "Incubator Activity - W3C Semantic Sensor Network Incubator Group",
  cited = "26.\,4.\,2016",
  year =  2005,
  url = "https://www.w3.org/2005/Incubator/ssn/"
  }

@techreport{h2rdf01,
    Author = "Nikolaos Papailiou, Ioannis Konstantinou, Dimitrios Tsoumakos and Nectarios Koziris",
    Title = "Adaptive Query Processing on RDF Data in the Cloud",
    Institution = "Computing Systems Laboratory, School of ECE, National Technical University of Athens",
    Year = "2012",
    URL = "http://www.cslab.ece.ntua.gr/~dtsouma/index_files/H2RDF-WWW.pdf",
   }

@techreport{iot01,
    Author = "Nikolaos Papailiou, Ioannis Konstantinou, Dimitrios Tsoumakos and Nectarios Koziris",
    Title = "The Internet of Things How the Next Evolution of the Internet Is Changing Everything",
    Institution = "Cisco IBSG",
    Year = "2011",
    URL = "http://www.cisco.com/c/dam/en_us/about/ac79/docs/innov/IoT_IBSG_0411FINAL.pdf",
   }

@techreport{bi01,
    Author = "Paul Phillips",
    Title = "White Paper: An insight into Business Intelligence",
    Institution = "Brio Technology",
    Year = "1997",
    URL = "http://www.computerweekly.com/feature/White-Paper-An-insight-into-Business-Intelligence",
   }

@techreport{hbase01,
    Author = "Cloudera",
    Title = "Hadoop and HDFS: Storage for next generation data management",
    Institution = "Cloudera",
    Year = "2016",
    URL = "http://www.cloudera.com/content/dam/www/static/documents/whitepapers/hadoop-and-hdfs.pdf",
   }

@ONLINE{hbase02,
  author = "{The Apache Software Foundation}",
  title = "Apache HBase ™ Reference Guide",
  cited = "26.\,4.\,2016",
  year =  2016,
  url = "http://hbase.apache.org/book.html\#replication"
  }

@techreport{hdfs01,
    Author = "Konstantin Shvachko, Hairong Kuang, Sanjay Radia and Robert Chansler",
    Title = "The Hadoop Distributed File System",
    Institution = "Yahoo",
    Year = "2010",
    URL = "http://storageconference.us/2010/Papers/MSST/Shvachko.pdf",
   }

@ONLINE{hiveql01,
  author = "{Treasure Data}",
  title = "Hive (SQL-style) Query Language",
  cited = "26.\,4.\,2016",
  year =  2016,
  url = "https://docs.treasuredata.com/articles/hive",
  }

@techreport{mapreda01,
    Author = "{Intel Corporation}",
    Title = "Extract Transform and Load Big Data with Apache Hadoop",
    Institution = "",
    Year = "2013",
    URL = "https://software.intel.com/sites/default/files/article/402274/etl-big-data-with-hadoop.pdf",
 }

@techreport{mapredb02,
    Author = "{Intel Corporation}",
    Title = "Optimizing Hadoop Deployments",
    Institution = "",
    Year = "2010",
    URL = "http://www.intel.com/content/dam/doc/white-paper/cloud-computing-optimizing-hadoop-deployments-paper.pdf",
   }

@techreport{mapredc03,
    Author = "Ken Kennedy and Kethryn McKinley",
    Title = "Optimizing Hadoop Deployments",
    Institution = "Department of Compute Science Rice University",
    Year = "2010",
    URL = "http://www.cs.utexas.edu/users/mckinley/papers/par-mem-ics-92.pdf",
   }

@ONLINE{spark01,
  author = "{The Apache Software Foundation}",
  title = "Apache Spark™",
  cited = "26.\,4.\,2016",
  year =  2016,
  url = "https://spark.apache.org/"
  }

@ONLINE{yarn01,
  author = "{The Apache Software Foundation}",
  title = "MapReduce NextGen aka YARN aka MRv2",
  cited = "26.\,4.\,2016",
  year =  2016,
  url = "https://hadoop.apache.org/docs/r2.7.1/hadoop-yarn/hadoop-yarn-site"
  }

@ONLINE{mahout01,
  author = "{The Apache Software Foundation}",
  title = "Mahout 0.12.0 Features by Engine",
  cited = "26.\,4.\,2016",
  year =  2016,
  url = "http://mahout.apache.org/users/basics/algorithms.html"
  }

@Book{datamining01,
  author =       "John W. Foreman",
  title =        "Using Data Science to Transform Information into Insight",
  publisher =    "WILEY",
  edition =      "1st",
  year   = 2014,
  address = "Crosspoint Boulevard\, Indianapolis",
}

@ONLINE{mahoutb02,
  author = "{The Apache Software Foundation}",
  title = "Mahout Recommender Overview",
  cited = "26.\,4.\,2016",
  year =  2016,
  url = "https://mahout.apache.org/users/recommender/recommender-documentation.html"
  }

@ONLINE{rapidminer01,
  author = "{RapidMiner}",
  title = "RapidMiner",
  cited = "26.\,4.\,2016",
  year =  2016,
  url = "https://rapidminer.com/"
  }

@ONLINE{derby01,
  author = "{The Apache Software Foundation}",
  title = "Apache Derby",
  cited = "26.\,4.\,2016",
  year =  2016,
  url = "https://db.apache.org/derby/"
  }

@techreport{hive01,
    Author = "Rubao Lee and Tian Luo and Yin Huai and Fusheng Wang and Yongqiang He and Xiaodong Zhang",
    Title = "YSmart: Yet Another SQL-to-MapReduce Translator",
    Institution = "Department of Computer Science and Engineering Ohio State University\, Center for Comprehensive Informatics Emory University\, Facebook Data Infrastructure Team",
    Year = "2011",
    URL = "http://web.cse.ohio-state.edu/hpcs/WWW/HTML/publications/papers/TR-11-7.pdf",
   }

@ONLINE{thrift01,
  author = "{The Apache Software Foundation}",
  title = "Apache Thrift",
  cited = "26.\,4.\,2016",
  year =  2016,
  url = "https://thrift.apache.org/"
  }

@techreport{knime01,
    Author = "Michael R. Berthold and Nicolas Cebron and Fabian Dill and Thomas R. Gabriel and Tobias Kotter and Thorsten Meinl and Peter Ohl and Christoph Sieb and Kilian Thiel and Bernd Wiswedel",
    Title = "KNIME: The Konstanz Information Miner",
    Institution = "ALTANA Chair for Bioinformatics and Information Mining\, Department of Computer and Information Science\, University of Konstanz",
    Year = "2007",
    URL = "http://www.uni-konstanz.de/bioml/bioml2/publications/Papers2007/BCDG+07_knime_gfkl.pdf",
}

@techreport{knimeb02,
    Author = " C. Sieb and T. Meinl and M. R. Berthold",
    Title = " Parallel and distributed data pipelining with KNIME",
    Institution = "ALTANA Chair for Bioinformatics and Information Mining\, Department of Computer and Information Science\, University of Konstanz",
    Year = "2007",
    URL = "https://kops.uni-konstanz.de/bitstream/handle/123456789/5542/20Parallel_and_Distributed_Data_Pipelining_with_KNIME.pdf",
}

@ONLINE{knimebd01,
  author = "{KNIME.com AG}",
  title = "KNIME Big Data Extensions",
  cited = "26.\,4.\,2016",
  year =  2016,
  url = "https://www.knime.org/knime-big-data-connectors"
  }

@techreport{ontologie01,
    Author = "Thomas Gruber",
    Title = "A Translation Approach to Portable Ontology Specifications",
    Institution = "Knowledge Acquisition",
    Year = "1993",
}

@techreport{ontologieb02,
    Author = "Willem Nico Borst",
    Title = "Construction of Engineering Ontologies",
    Institution = "Institute for Telematica and Information Technology, University of Twente",
    Year = "1997",
}

@techreport{ontologiec03,
    Author = "Barry Smith",
    Title = "Beyond Concepts: Ontology as Reality Representation",
    Institution = "Department of Philosophy\, University at Buffalo and Institute for Formal Ontology and Medical Information Science\, Saarland University",
    Year = "1998",
}

@techreport{ontologied04,
    Author = "Michael Genesereth and Nils Nilsson",
    Title = "Logical Foundations of Artificial Intelligence",
    Institution = "Stanford University",
    Year = "1987",
}

@Book{ontologiee05,
  author =   "Subrata Kumar Das",
  title =        "Deductive Databases and Logic Programming",
  publisher =    "Addison-Wesley Pub",
  edition =      "1st",
  year   = 1992,
  address = "",
}

@Book{ontologief06,
  author =   "Steffen Staab and Rudi Studer",
  title =        "Handbook on ontologies",
  publisher =    "Springer",
  edition =      "2st",
  year   = 2009,
  address = "",
}

@ONLINE{ontologieg07,
  author = "Natalya Noy and Deborah McGuinness",
  title = "Ontology Development 101: A Guide to Creating Your First Ontology",
  cited = "26.\,4.\,2016",
  year =  2000,
  url = "http://protege.stanford.edu/publications/ontology_development/ontology101-noy-mcguinness.html",
  }

@ONLINE{okbc01,
  author = "Vinay Chaudhri and Adam Farquhar and Richard Fikes and Peter Karp and James Rice",
  title = "Open Knowledge Base Connectivity",
  cited = "26.\,4.\,2016",
  year =  1998,
  url = "http://www.ai.sri.com/~okbc/okbc-2-0-3.pdf",
  }

@techreport{ontologieh08,
    Author = "Marek Obitko",
    Title = "Translations between Ontologies in Multi-Agent Systems",
    Institution = "Dapartment of Cybernetics\, Faculty of Electrical Engineering, Czech Technical University in Prague",
    Year = "2007",
}

@ONLINE{wordnet01,
  author = "George Miller",
  title = "WordNet: A Lexical Database for English",
  cited = "26.\,4.\,2016",
  year =  1995,
  url = "http://nlp.cs.swarthmore.edu/~richardw/papers/miller1995-wordnet.pdf",
  }

@Book{semgraf01,
  author =   "John F\. Sowa",
  title =        "Knowledge Representation: Logical\, Philosophical\, and Computational Foundations",
  publisher =    "Brooks\/Cole",
  edition =      "1st",
  year   = 2000,
  address = "", 
}

@ONLINE{lisp01,
  author = "{The Common Lisp Foundation}",
  title = "{Common-Lisp.net}",
  cited = "26.\,4.\,2016",
  year =  2015,
  url = "https://common-lisp.net/",
 }

@techreport{ontologiei09,
    Author = "Michael Genesereth and Richard Fikes",
    Title = "Knowledge interchange Format Version 3.0 Reference Manual",
    Institution = "Computer Science Department Stanford University Stanford ",
    Year = "1994",
}

@techreport{comlog01,
  author = "",
  title = "ANSI Information technology — Common Logic (CL) – A framework for a family of logic-based languages",
  Institution = "ISO",
  year =  2013,
 }

@techreport{deslog01,
  author = "Franz Baader and Diego Calvanese and Deborah McGuinness and Daniele Nardi and Peter Patel-Schneider",
  title = "The Description Logic Handbook: Theory, Implementation and Applications",
  Institution = "Cambridge University Press",
  year =  2003,
 }

@ONLINE{deslogb02,
  author = "Enrico Franconi",
  title = "Description Logics Tutorial Course Information",
  cited = "26.\,4.\,2016",
  year =  2002,
  url = "https://www.inf.unibz.it/~franconi/dl/course/",
 }